@article{Liu2018,
   author = {Hanxiao Liu and Karen Simonyan and Yiming Yang},
   month = {6},
   title = {DARTS: Differentiable Architecture Search},
   url = {http://arxiv.org/abs/1806.09055},
   year = {2018},
}

@article{Julian,
   author = {Julian Stier and Michael Granitzer},
   doi = {10.1016/j.procs.2019.09.165},
   month = {10},
   title = {Structural Analysis of Sparse Neural Networks},
   url = {http://arxiv.org/abs/1910.07225 http://dx.doi.org/10.1016/j.procs.2019.09.165},
   year = {2019},
}

@report{Expander,
   author = {Ameya Prabhu and Girish Varma and Anoop Namboodiri},
   title = {Deep Expander Networks: Efficient Deep Networks from Graph Theory},
   url = {https://github.com/DrImpossible/Deep-Expander-Networks},
   year = {2018},
}

